@article{fraser2007estimating,
  title={Estimating individual and household reproduction numbers in an emerging epidemic},
  author={Fraser, Christophe},
  journal={PloS one},
  volume={2},
  number={8},
  pages={e758},
  year={2007},
  publisher={Public Library of Science}
}

@article{finkenstadt2000time,
  title={Time series modelling of childhood diseases: a dynamical systems approach},
  author={Finkenstadt, Barbel F and Grenfell, Bryan T},
  journal={Journal of the Royal Statistical Society: Series C (Applied Statistics)},
  volume={49},
  number={2},
  pages={187--205},
  year={2000},
  publisher={Wiley Online Library}
}

@article{dalziel2016persistent,
  title={Persistent chaos of measles epidemics in the prevaccination {United States} caused by a small change in seasonal transmission patterns},
  author={Dalziel, Benjamin D and Bj{\o}rnstad, Ottar N and van Panhuis, Willem G and Burke, Donald S and Metcalf, C Jessica E and Grenfell, Bryan T},
  journal={PLoS computational biology},
  volume={12},
  number={2},
  pages={e1004655},
  year={2016},
  publisher={Public Library of Science}
}

@article{grenfell1997meta,
  title={(Meta) population dynamics of infectious diseases},
  author={Grenfell, Bryan and Harwood, John},
  journal={Trends in ecology \& evolution},
  volume={12},
  number={10},
  pages={395--399},
  year={1997},
  publisher={Elsevier}
}

@article{bolker1993chaos,
  title={Chaos and biological complexity in measles dynamics},
  author={Bolker, BM and Grenfell, Bryan Thomas},
  journal={Proc. R. Soc. Lond. B},
  volume={251},
  number={1330},
  pages={75--81},
  year={1993},
  publisher={The Royal Society}
}

@article{fine1982measles,
  title={Measles in England and Wales—I: an analysis of factors underlying seasonal patterns},
  author={Fine, Paul EM and Clarkson, Jacqueline A},
  journal={International journal of epidemiology},
  volume={11},
  number={1},
  pages={5--14},
  year={1982},
  publisher={Oxford University Press}
}

@article{pya2015shape,
  title={Shape constrained additive models},
  author={Pya, Natalya and Wood, Simon N},
  journal={Statistics and Computing},
  volume={25},
  number={3},
  pages={543--559},
  year={2015},
  publisher={Springer}
}

@article{xia2004measles,
  title={Measles metapopulation dynamics: a gravity model for epidemiological coupling and dynamics},
  author={Xia, Yingcun and Bj{\o}rnstad, Ottar N and Grenfell, Bryan T},
  journal={The American Naturalist},
  volume={164},
  number={2},
  pages={267--281},
  year={2004},
  publisher={The University of Chicago Press}
}

@article{jandarov2014emulating,
  title={Emulating a gravity model to infer the spatiotemporal dynamics of an infectious disease},
  author={Jandarov, Roman and Haran, Murali and Bj{\o}rnstad, Ottar and Grenfell, Bryan},
  journal={Journal of the Royal Statistical Society: Series C (Applied Statistics)},
  volume={63},
  number={3},
  pages={423--444},
  year={2014},
  publisher={Wiley Online Library}
}

@article{earn2000simple,
  title={A simple model for complex dynamical transitions in epidemics},
  author={Earn, David JD and Rohani, Pejman and Bolker, Benjamin M and Grenfell, Bryan T},
  journal={Science},
  volume={287},
  number={5453},
  pages={667--670},
  year={2000},
  publisher={American Association for the Advancement of Science}
}

@article{wood2001mgcv,
  title={mgcv: GAMs and generalized ridge regression for R},
  author={Wood, Simon N},
  journal={R news},
  volume={1},
  number={2},
  pages={20--25},
  year={2001}
}

@article{carpenter2017stan,
  title={Stan: A probabilistic programming language},
  author={Carpenter, Bob and Gelman, Andrew and Hoffman, Matthew D and Lee, Daniel and Goodrich, Ben and Betancourt, Michael and Brubaker, Marcus and Guo, Jiqiang and Li, Peter and Riddell, Allen},
  journal={Journal of statistical software},
  volume={76},
  number={1},
  year={2017},
  publisher={Columbia Univ., New York, NY (United States); Harvard Univ., Cambridge, MA~…}
}

@article{pascual2008predicting,
  title={Predicting endemic cholera: the role of climate variability and disease dynamics},
  author={Pascual, M and Chaves, LF and Cash, B and Rod{\'o}, X and Yunus, Md},
  journal={Climate Research},
  volume={36},
  number={2},
  pages={131--140},
  year={2008}
}

@article{van2016hand,
  title={Hand, foot, and mouth disease in China: critical community size and spatial vaccination strategies},
  author={Van Boeckel, Thomas P and Takahashi, Saki and Liao, Qiaohong and Xing, Weijia and Lai, Shengjie and Hsiao, Victor and Liu, Fengfeng and Zheng, Yaming and Chang, Zhaorui and Yuan, Chen and others},
  journal={Scientific reports},
  volume={6},
  pages={25248},
  year={2016},
  publisher={Nature Publishing Group}
}

@article{reich2013interactions,
  title={Interactions between serotypes of dengue highlight epidemiological impact of cross-immunity},
  author={Reich, Nicholas G and Shrestha, Sourya and King, Aaron A and Rohani, Pejman and Lessler, Justin and Kalayanarooj, Siripen and Yoon, In-Kyu and Gibbons, Robert V and Burke, Donald S and Cummings, Derek AT},
  journal={Journal of The Royal Society Interface},
  volume={10},
  number={86},
  pages={20130414},
  year={2013},
  publisher={The Royal Society}
}

@article{clark2004population,
  title={Population time series: process variability, observation errors, missing values, lags, and hidden states},
  author={Clark, James S and Bj{\o}rnstad, Ottar N},
  journal={Ecology},
  volume={85},
  number={11},
  pages={3140--3150},
  year={2004},
  publisher={Wiley Online Library}
}

@article{king2015statistical,
  title={Statistical inference for partially observed Markov processes via the R package pomp},
  author={King, Aaron A and Nguyen, Dao and Ionides, Edward L},
  journal={arXiv preprint arXiv:1509.00503},
  year={2015}
}

@article{li2018fitting,
  title={Fitting mechanistic epidemic models to data: a comparison of simple {Markov chain Monte Carlo} approaches},
  author={Li, Michael and Dushoff, Jonathan and Bolker, Benjamin M},
  journal={Statistical methods in medical research},
  volume={27},
  number={7},
  pages={1956--1967},
  year={2018},
  publisher={SAGE Publications Sage UK: London, England}
}

@article{he2009plug,
  title={Plug-and-play inference for disease dynamics: measles in large and small populations as a case study},
  author={He, Daihai and Ionides, Edward L and King, Aaron A},
  journal={Journal of the Royal Society Interface},
  year={2009},
  publisher={The Royal Society}
}

@article{grenfell2002dynamics,
  title={Dynamics of measles epidemics: scaling noise, determinism, and predictability with the {TSIR} model},
  author={Grenfell, Bryan T and BJ{\o}RNSTAD, OTTAR N and Finkenst{\"a}dt, B{\"a}rbel F},
  journal={Ecological Monographs},
  volume={72},
  number={2},
  pages={185--202},
  year={2002},
  publisher={Wiley Online Library}
}

@article{bjornstad2002dynamics,
  title={Dynamics of measles epidemics: estimating scaling of transmission rates using a time series {SIR} model},
  author={Bj{\o}rnstad, Ottar N and Finkenst{\"a}dt, B{\"a}rbel F and Grenfell, Bryan T},
  journal={Ecological Monographs},
  volume={72},
  number={2},
  pages={169--184},
  year={2002},
  publisher={Wiley Online Library}
}